%YAML 1.1
%TAG !u! tag:unity3d.com,2011:
--- !u!29 &1
SceneSettings:
  m_ObjectHideFlags: 0
  m_PVSData: 
  m_PVSObjectsArray: []
  m_PVSPortalsArray: []
  m_OcclusionBakeSettings:
    smallestOccluder: 5
    smallestHole: .25
    backfaceThreshold: 100
--- !u!104 &2
RenderSettings:
  m_ObjectHideFlags: 0
  serializedVersion: 6
  m_Fog: 0
  m_FogColor: {r: .5, g: .5, b: .5, a: 1}
  m_FogMode: 3
  m_FogDensity: .00999999978
  m_LinearFogStart: 0
  m_LinearFogEnd: 300
  m_AmbientSkyColor: {r: .211999997, g: .226999998, b: .259000003, a: 1}
  m_AmbientEquatorColor: {r: .114, g: .125, b: .133000001, a: 1}
  m_AmbientGroundColor: {r: .0469999984, g: .0430000015, b: .0350000001, a: 1}
  m_AmbientIntensity: 1
  m_AmbientMode: 0
  m_SkyboxMaterial: {fileID: 10304, guid: 0000000000000000f000000000000000, type: 0}
  m_HaloStrength: .5
  m_FlareStrength: 1
  m_FlareFadeSpeed: 3
  m_HaloTexture: {fileID: 0}
  m_SpotCookie: {fileID: 10001, guid: 0000000000000000e000000000000000, type: 0}
  m_DefaultReflectionMode: 0
  m_DefaultReflectionResolution: 128
  m_ReflectionBounces: 1
  m_ReflectionIntensity: 1
  m_CustomReflection: {fileID: 0}
  m_Sun: {fileID: 0}
--- !u!127 &3
LevelGameManager:
  m_ObjectHideFlags: 0
--- !u!157 &4
LightmapSettings:
  m_ObjectHideFlags: 0
  serializedVersion: 5
  m_GIWorkflowMode: 0
  m_LightmapsMode: 1
  m_GISettings:
    serializedVersion: 2
    m_BounceScale: 1
    m_IndirectOutputScale: 1
    m_AlbedoBoost: 1
    m_TemporalCoherenceThreshold: 1
    m_EnvironmentLightingMode: 0
    m_EnableBakedLightmaps: 1
    m_EnableRealtimeLightmaps: 1
  m_LightmapEditorSettings:
    serializedVersion: 3
    m_Resolution: 2
    m_BakeResolution: 40
    m_TextureWidth: 1024
    m_TextureHeight: 1024
    m_AOMaxDistance: 1
    m_Padding: 2
    m_CompAOExponent: 0
    m_LightmapParameters: {fileID: 0}
    m_TextureCompression: 1
    m_FinalGather: 0
    m_FinalGatherRayCount: 1024
  m_LightmapSnapshot: {fileID: 0}
  m_RuntimeCPUUsage: 25
--- !u!196 &5
NavMeshSettings:
  serializedVersion: 2
  m_ObjectHideFlags: 0
  m_BuildSettings:
    serializedVersion: 2
    agentRadius: 1
    agentHeight: 1
    agentSlope: 21
    agentClimb: 20
    ledgeDropHeight: 0
    maxJumpAcrossDistance: 0
    accuratePlacement: 0
    minRegionArea: .5
    cellSize: .333333343
    manualCellSize: 0
  m_NavMeshData: {fileID: 23800000, guid: e74e0d187f94dd548bf9323881c30041, type: 2}
--- !u!1 &127808870
GameObject:
  m_ObjectHideFlags: 0
  m_PrefabParentObject: {fileID: 0}
  m_PrefabInternal: {fileID: 0}
  serializedVersion: 4
  m_Component:
  - 4: {fileID: 127808871}
  m_Layer: 0
  m_Name: UI
  m_TagString: Untagged
  m_Icon: {fileID: 0}
  m_NavMeshLayer: 0
  m_StaticEditorFlags: 0
  m_IsActive: 1
--- !u!4 &127808871
Transform:
  m_ObjectHideFlags: 0
  m_PrefabParentObject: {fileID: 0}
  m_PrefabInternal: {fileID: 0}
  m_GameObject: {fileID: 127808870}
  m_LocalRotation: {x: 0, y: 0, z: 0, w: 1}
  m_LocalPosition: {x: 39.7753906, y: -2.77734375, z: -26.5859375}
  m_LocalScale: {x: 1, y: 1, z: 1}
  m_Children: []
  m_Father: {fileID: 0}
  m_RootOrder: 3
--- !u!1001 &197025742
Prefab:
  m_ObjectHideFlags: 0
  serializedVersion: 2
  m_Modification:
    m_TransformParent: {fileID: 1212798988}
    m_Modifications:
    - target: {fileID: 485392, guid: 025a719a6a6be3b49b83a78124f4f017, type: 2}
      propertyPath: m_LocalPosition.x
      value: -13.0160151
      objectReference: {fileID: 0}
    - target: {fileID: 485392, guid: 025a719a6a6be3b49b83a78124f4f017, type: 2}
      propertyPath: m_LocalPosition.y
      value: -22.3057308
      objectReference: {fileID: 0}
    - target: {fileID: 485392, guid: 025a719a6a6be3b49b83a78124f4f017, type: 2}
      propertyPath: m_LocalPosition.z
      value: 35.1003036
      objectReference: {fileID: 0}
    - target: {fileID: 485392, guid: 025a719a6a6be3b49b83a78124f4f017, type: 2}
      propertyPath: m_LocalRotation.x
      value: 0
      objectReference: {fileID: 0}
    - target: {fileID: 485392, guid: 025a719a6a6be3b49b83a78124f4f017, type: 2}
      propertyPath: m_LocalRotation.y
      value: 0
      objectReference: {fileID: 0}
    - target: {fileID: 485392, guid: 025a719a6a6be3b49b83a78124f4f017, type: 2}
      propertyPath: m_LocalRotation.z
      value: 0
      objectReference: {fileID: 0}
    - target: {fileID: 485392, guid: 025a719a6a6be3b49b83a78124f4f017, type: 2}
      propertyPath: m_LocalRotation.w
      value: 1
      objectReference: {fileID: 0}
    - target: {fileID: 485392, guid: 025a719a6a6be3b49b83a78124f4f017, type: 2}
      propertyPath: m_RootOrder
      value: 1
      objectReference: {fileID: 0}
    - target: {fileID: 170726, guid: 025a719a6a6be3b49b83a78124f4f017, type: 2}
      propertyPath: m_Name
      value: Waypoint 1
      objectReference: {fileID: 0}
    m_RemovedComponents: []
  m_ParentPrefab: {fileID: 100100000, guid: 025a719a6a6be3b49b83a78124f4f017, type: 2}
  m_IsPrefabParent: 0
--- !u!1001 &354192362
Prefab:
  m_ObjectHideFlags: 0
  serializedVersion: 2
  m_Modification:
    m_TransformParent: {fileID: 0}
    m_Modifications:
    - target: {fileID: 456306, guid: 2b78c3d7023fa5d4b920dc62e929725c, type: 2}
      propertyPath: m_LocalPosition.x
      value: .300000012
      objectReference: {fileID: 0}
    - target: {fileID: 456306, guid: 2b78c3d7023fa5d4b920dc62e929725c, type: 2}
      propertyPath: m_LocalPosition.y
      value: 23.2000008
      objectReference: {fileID: 0}
    - target: {fileID: 456306, guid: 2b78c3d7023fa5d4b920dc62e929725c, type: 2}
      propertyPath: m_LocalPosition.z
      value: 37.7000008
      objectReference: {fileID: 0}
    - target: {fileID: 456306, guid: 2b78c3d7023fa5d4b920dc62e929725c, type: 2}
      propertyPath: m_LocalRotation.x
      value: .273461759
      objectReference: {fileID: 0}
    - target: {fileID: 456306, guid: 2b78c3d7023fa5d4b920dc62e929725c, type: 2}
      propertyPath: m_LocalRotation.y
      value: 0
      objectReference: {fileID: 0}
    - target: {fileID: 456306, guid: 2b78c3d7023fa5d4b920dc62e929725c, type: 2}
      propertyPath: m_LocalRotation.z
      value: 0
      objectReference: {fileID: 0}
    - target: {fileID: 456306, guid: 2b78c3d7023fa5d4b920dc62e929725c, type: 2}
      propertyPath: m_LocalRotation.w
      value: .961882949
      objectReference: {fileID: 0}
    - target: {fileID: 456306, guid: 2b78c3d7023fa5d4b920dc62e929725c, type: 2}
      propertyPath: m_RootOrder
      value: 1
      objectReference: {fileID: 0}
    - target: {fileID: 11424366, guid: 2b78c3d7023fa5d4b920dc62e929725c, type: 2}
      propertyPath: target
      value: 
      objectReference: {fileID: 1346983255}
    - target: {fileID: 2094630, guid: 2b78c3d7023fa5d4b920dc62e929725c, type: 2}
      propertyPath: field of view
      value: 55
      objectReference: {fileID: 0}
    - target: {fileID: 2094630, guid: 2b78c3d7023fa5d4b920dc62e929725c, type: 2}
      propertyPath: far clip plane
      value: 100
      objectReference: {fileID: 0}
    - target: {fileID: 2094630, guid: 2b78c3d7023fa5d4b920dc62e929725c, type: 2}
      propertyPath: near clip plane
      value: .300000012
      objectReference: {fileID: 0}
    - target: {fileID: 2094630, guid: 2b78c3d7023fa5d4b920dc62e929725c, type: 2}
      propertyPath: m_NormalizedViewPortRect.width
      value: 2
      objectReference: {fileID: 0}
    m_RemovedComponents: []
  m_ParentPrefab: {fileID: 100100000, guid: 2b78c3d7023fa5d4b920dc62e929725c, type: 2}
  m_IsPrefabParent: 0
--- !u!1 &429562731
GameObject:
  m_ObjectHideFlags: 0
  m_PrefabParentObject: {fileID: 0}
  m_PrefabInternal: {fileID: 0}
  serializedVersion: 4
  m_Component:
  - 4: {fileID: 429562732}
  m_Layer: 0
  m_Name: Stage 1 A Elements
  m_TagString: Untagged
  m_Icon: {fileID: 0}
  m_NavMeshLayer: 0
  m_StaticEditorFlags: 0
  m_IsActive: 1
--- !u!4 &429562732
Transform:
  m_ObjectHideFlags: 0
  m_PrefabParentObject: {fileID: 0}
  m_PrefabInternal: {fileID: 0}
  m_GameObject: {fileID: 429562731}
  m_LocalRotation: {x: 0, y: 0, z: 0, w: 1}
  m_LocalPosition: {x: -32.8925209, y: 38.2874222, z: 57.4134102}
  m_LocalScale: {x: 1, y: 1, z: 1}
  m_Children:
  - {fileID: 1954539669}
  m_Father: {fileID: 0}
  m_RootOrder: 8
--- !u!1001 &624106348
Prefab:
  m_ObjectHideFlags: 0
  serializedVersion: 2
  m_Modification:
    m_TransformParent: {fileID: 1212798988}
    m_Modifications:
    - target: {fileID: 485392, guid: 025a719a6a6be3b49b83a78124f4f017, type: 2}
      propertyPath: m_LocalPosition.x
      value: 6.9839859
      objectReference: {fileID: 0}
    - target: {fileID: 485392, guid: 025a719a6a6be3b49b83a78124f4f017, type: 2}
      propertyPath: m_LocalPosition.y
      value: -22.3057308
      objectReference: {fileID: 0}
    - target: {fileID: 485392, guid: 025a719a6a6be3b49b83a78124f4f017, type: 2}
      propertyPath: m_LocalPosition.z
      value: 35.1003036
      objectReference: {fileID: 0}
    - target: {fileID: 485392, guid: 025a719a6a6be3b49b83a78124f4f017, type: 2}
      propertyPath: m_LocalRotation.x
      value: 0
      objectReference: {fileID: 0}
    - target: {fileID: 485392, guid: 025a719a6a6be3b49b83a78124f4f017, type: 2}
      propertyPath: m_LocalRotation.y
      value: 0
      objectReference: {fileID: 0}
    - target: {fileID: 485392, guid: 025a719a6a6be3b49b83a78124f4f017, type: 2}
      propertyPath: m_LocalRotation.z
      value: 0
      objectReference: {fileID: 0}
    - target: {fileID: 485392, guid: 025a719a6a6be3b49b83a78124f4f017, type: 2}
      propertyPath: m_LocalRotation.w
      value: 1
      objectReference: {fileID: 0}
    - target: {fileID: 485392, guid: 025a719a6a6be3b49b83a78124f4f017, type: 2}
      propertyPath: m_RootOrder
      value: 0
      objectReference: {fileID: 0}
    m_RemovedComponents: []
  m_ParentPrefab: {fileID: 100100000, guid: 025a719a6a6be3b49b83a78124f4f017, type: 2}
  m_IsPrefabParent: 0
--- !u!1001 &739401347
Prefab:
  m_ObjectHideFlags: 0
  serializedVersion: 2
  m_Modification:
    m_TransformParent: {fileID: 0}
    m_Modifications:
    - target: {fileID: 404144, guid: 0015315449e0c7847b05c3dca31cd4e8, type: 2}
      propertyPath: m_LocalPosition.x
      value: 23.2099991
      objectReference: {fileID: 0}
    - target: {fileID: 404144, guid: 0015315449e0c7847b05c3dca31cd4e8, type: 2}
      propertyPath: m_LocalPosition.y
      value: 16.8500004
      objectReference: {fileID: 0}
    - target: {fileID: 404144, guid: 0015315449e0c7847b05c3dca31cd4e8, type: 2}
      propertyPath: m_LocalPosition.z
      value: 11.3699999
      objectReference: {fileID: 0}
    - target: {fileID: 404144, guid: 0015315449e0c7847b05c3dca31cd4e8, type: 2}
      propertyPath: m_LocalRotation.x
      value: 0
      objectReference: {fileID: 0}
    - target: {fileID: 404144, guid: 0015315449e0c7847b05c3dca31cd4e8, type: 2}
      propertyPath: m_LocalRotation.y
      value: 0
      objectReference: {fileID: 0}
    - target: {fileID: 404144, guid: 0015315449e0c7847b05c3dca31cd4e8, type: 2}
      propertyPath: m_LocalRotation.z
      value: 0
      objectReference: {fileID: 0}
    - target: {fileID: 404144, guid: 0015315449e0c7847b05c3dca31cd4e8, type: 2}
      propertyPath: m_LocalRotation.w
      value: 1
      objectReference: {fileID: 0}
    - target: {fileID: 404144, guid: 0015315449e0c7847b05c3dca31cd4e8, type: 2}
      propertyPath: m_RootOrder
      value: 4
      objectReference: {fileID: 0}
    - target: {fileID: 124736, guid: 0015315449e0c7847b05c3dca31cd4e8, type: 2}
      propertyPath: m_TagString
      value: Player
      objectReference: {fileID: 0}
    m_RemovedComponents: []
  m_ParentPrefab: {fileID: 100100000, guid: 0015315449e0c7847b05c3dca31cd4e8, type: 2}
  m_IsPrefabParent: 0
--- !u!1001 &802768290
Prefab:
  m_ObjectHideFlags: 0
  serializedVersion: 2
  m_Modification:
    m_TransformParent: {fileID: 0}
    m_Modifications:
    - target: {fileID: 11487934, guid: a35454902a92951408c79e67e50005af, type: 2}
      propertyPath: waypoints.Array.size
      value: 2
      objectReference: {fileID: 0}
    - target: {fileID: 443540, guid: a35454902a92951408c79e67e50005af, type: 2}
      propertyPath: m_LocalPosition.x
      value: 23.9200001
      objectReference: {fileID: 0}
    - target: {fileID: 443540, guid: a35454902a92951408c79e67e50005af, type: 2}
      propertyPath: m_LocalPosition.y
      value: 17.3600006
      objectReference: {fileID: 0}
    - target: {fileID: 443540, guid: a35454902a92951408c79e67e50005af, type: 2}
      propertyPath: m_LocalPosition.z
      value: 69.1500015
      objectReference: {fileID: 0}
    - target: {fileID: 443540, guid: a35454902a92951408c79e67e50005af, type: 2}
      propertyPath: m_LocalRotation.x
      value: 0
      objectReference: {fileID: 0}
    - target: {fileID: 443540, guid: a35454902a92951408c79e67e50005af, type: 2}
      propertyPath: m_LocalRotation.y
      value: 0
      objectReference: {fileID: 0}
    - target: {fileID: 443540, guid: a35454902a92951408c79e67e50005af, type: 2}
      propertyPath: m_LocalRotation.z
      value: 0
      objectReference: {fileID: 0}
    - target: {fileID: 443540, guid: a35454902a92951408c79e67e50005af, type: 2}
      propertyPath: m_LocalRotation.w
      value: 1
      objectReference: {fileID: 0}
    - target: {fileID: 443540, guid: a35454902a92951408c79e67e50005af, type: 2}
      propertyPath: m_RootOrder
      value: 5
      objectReference: {fileID: 0}
    - target: {fileID: 11487934, guid: a35454902a92951408c79e67e50005af, type: 2}
      propertyPath: waypoints.Array.data[0]
      value: 
      objectReference: {fileID: 828168411}
    - target: {fileID: 11487934, guid: a35454902a92951408c79e67e50005af, type: 2}
      propertyPath: waypoints.Array.data[1]
      value: 
      objectReference: {fileID: 871167654}
    m_RemovedComponents: []
  m_ParentPrefab: {fileID: 100100000, guid: a35454902a92951408c79e67e50005af, type: 2}
  m_IsPrefabParent: 0
--- !u!4 &828168411
Transform:
  m_PrefabParentObject: {fileID: 485392, guid: 025a719a6a6be3b49b83a78124f4f017, type: 2}
  m_PrefabInternal: {fileID: 624106348}
--- !u!4 &871167654
Transform:
  m_PrefabParentObject: {fileID: 485392, guid: 025a719a6a6be3b49b83a78124f4f017, type: 2}
  m_PrefabInternal: {fileID: 197025742}
--- !u!1 &1212798987
GameObject:
  m_ObjectHideFlags: 0
  m_PrefabParentObject: {fileID: 0}
  m_PrefabInternal: {fileID: 0}
  serializedVersion: 4
  m_Component:
  - 4: {fileID: 1212798988}
  m_Layer: 0
  m_Name: Waypoints
  m_TagString: Untagged
  m_Icon: {fileID: 0}
  m_NavMeshLayer: 0
  m_StaticEditorFlags: 0
  m_IsActive: 1
--- !u!4 &1212798988
Transform:
  m_ObjectHideFlags: 0
  m_PrefabParentObject: {fileID: 0}
  m_PrefabInternal: {fileID: 0}
  m_GameObject: {fileID: 1212798987}
  m_LocalRotation: {x: 0, y: 0, z: 0, w: 1}
  m_LocalPosition: {x: 25.7360153, y: 39.2057304, z: 34.509697}
  m_LocalScale: {x: 1, y: 1, z: 1}
  m_Children:
  - {fileID: 828168411}
  - {fileID: 871167654}
  m_Father: {fileID: 0}
  m_RootOrder: 6
--- !u!1001 &1261576865
Prefab:
  m_ObjectHideFlags: 0
  serializedVersion: 2
  m_Modification:
    m_TransformParent: {fileID: 0}
    m_Modifications:
    - target: {fileID: 400002, guid: 9ed4081ce3c83c9468d9d67bae0c938a, type: 3}
      propertyPath: m_LocalPosition.x
      value: 0
      objectReference: {fileID: 0}
    - target: {fileID: 400002, guid: 9ed4081ce3c83c9468d9d67bae0c938a, type: 3}
      propertyPath: m_LocalPosition.y
      value: 0
      objectReference: {fileID: 0}
    - target: {fileID: 400002, guid: 9ed4081ce3c83c9468d9d67bae0c938a, type: 3}
      propertyPath: m_LocalPosition.z
      value: 0
      objectReference: {fileID: 0}
    - target: {fileID: 400002, guid: 9ed4081ce3c83c9468d9d67bae0c938a, type: 3}
      propertyPath: m_LocalRotation.x
      value: 0
      objectReference: {fileID: 0}
    - target: {fileID: 400002, guid: 9ed4081ce3c83c9468d9d67bae0c938a, type: 3}
      propertyPath: m_LocalRotation.y
      value: 0
      objectReference: {fileID: 0}
    - target: {fileID: 400002, guid: 9ed4081ce3c83c9468d9d67bae0c938a, type: 3}
      propertyPath: m_LocalRotation.z
      value: 0
      objectReference: {fileID: 0}
    - target: {fileID: 400002, guid: 9ed4081ce3c83c9468d9d67bae0c938a, type: 3}
      propertyPath: m_LocalRotation.w
      value: 1
      objectReference: {fileID: 0}
    - target: {fileID: 400002, guid: 9ed4081ce3c83c9468d9d67bae0c938a, type: 3}
      propertyPath: m_RootOrder
      value: 2
      objectReference: {fileID: 0}
    m_RemovedComponents: []
  m_ParentPrefab: {fileID: 100100000, guid: 9ed4081ce3c83c9468d9d67bae0c938a, type: 3}
  m_IsPrefabParent: 0
--- !u!4 &1346983255
Transform:
  m_PrefabParentObject: {fileID: 404144, guid: 0015315449e0c7847b05c3dca31cd4e8, type: 2}
  m_PrefabInternal: {fileID: 739401347}
--- !u!1001 &1735352882
Prefab:
  m_ObjectHideFlags: 0
  serializedVersion: 2
  m_Modification:
    m_TransformParent: {fileID: 0}
    m_Modifications:
    - target: {fileID: 400002, guid: 580e9295b438cdc4aa6400ff3bde4c82, type: 3}
      propertyPath: m_LocalPosition.x
      value: 0
      objectReference: {fileID: 0}
    - target: {fileID: 400002, guid: 580e9295b438cdc4aa6400ff3bde4c82, type: 3}
      propertyPath: m_LocalPosition.y
      value: 0
      objectReference: {fileID: 0}
    - target: {fileID: 400002, guid: 580e9295b438cdc4aa6400ff3bde4c82, type: 3}
      propertyPath: m_LocalPosition.z
      value: 0
      objectReference: {fileID: 0}
    - target: {fileID: 400002, guid: 580e9295b438cdc4aa6400ff3bde4c82, type: 3}
      propertyPath: m_LocalRotation.x
      value: 0
      objectReference: {fileID: 0}
    - target: {fileID: 400002, guid: 580e9295b438cdc4aa6400ff3bde4c82, type: 3}
      propertyPath: m_LocalRotation.y
      value: 0
      objectReference: {fileID: 0}
    - target: {fileID: 400002, guid: 580e9295b438cdc4aa6400ff3bde4c82, type: 3}
      propertyPath: m_LocalRotation.z
      value: 0
      objectReference: {fileID: 0}
    - target: {fileID: 400002, guid: 580e9295b438cdc4aa6400ff3bde4c82, type: 3}
      propertyPath: m_LocalRotation.w
      value: 1
      objectReference: {fileID: 0}
    - target: {fileID: 400002, guid: 580e9295b438cdc4aa6400ff3bde4c82, type: 3}
      propertyPath: m_RootOrder
      value: 7
      objectReference: {fileID: 0}
    m_RemovedComponents: []
  m_ParentPrefab: {fileID: 100100000, guid: 580e9295b438cdc4aa6400ff3bde4c82, type: 3}
  m_IsPrefabParent: 0
--- !u!1 &1917048593
GameObject:
  m_ObjectHideFlags: 0
  m_PrefabParentObject: {fileID: 0}
  m_PrefabInternal: {fileID: 0}
  serializedVersion: 4
  m_Component:
  - 4: {fileID: 1917048595}
  - 108: {fileID: 1917048594}
  m_Layer: 0
  m_Name: Directional Light
  m_TagString: Untagged
  m_Icon: {fileID: 0}
  m_NavMeshLayer: 0
  m_StaticEditorFlags: 0
  m_IsActive: 1
--- !u!108 &1917048594
Light:
  m_ObjectHideFlags: 0
  m_PrefabParentObject: {fileID: 0}
  m_PrefabInternal: {fileID: 0}
  m_GameObject: {fileID: 1917048593}
  m_Enabled: 1
  serializedVersion: 6
  m_Type: 1
  m_Color: {r: 1, g: .956862748, b: .839215696, a: 1}
  m_Intensity: 1
  m_Range: 10
  m_SpotAngle: 30
  m_CookieSize: 10
  m_Shadows:
    m_Type: 2
    m_Resolution: -1
    m_Strength: 1
    m_Bias: .0500000007
    m_NormalBias: .400000006
  m_Cookie: {fileID: 0}
  m_DrawHalo: 0
  m_Flare: {fileID: 0}
  m_RenderMode: 0
  m_CullingMask:
    serializedVersion: 2
    m_Bits: 4294967295
  m_Lightmapping: 4
  m_BounceIntensity: 1
  m_ShadowRadius: 0
  m_ShadowAngle: 0
  m_AreaSize: {x: 1, y: 1}
--- !u!4 &1917048595
Transform:
  m_ObjectHideFlags: 0
  m_PrefabParentObject: {fileID: 0}
  m_PrefabInternal: {fileID: 0}
  m_GameObject: {fileID: 1917048593}
  m_LocalRotation: {x: .408217937, y: -.234569728, z: .109381676, w: .875426054}
  m_LocalPosition: {x: 0, y: 3, z: 0}
  m_LocalScale: {x: 1, y: 1, z: 1}
  m_Children: []
  m_Father: {fileID: 0}
  m_RootOrder: 0
--- !u!1001 &1954539668
Prefab:
  m_ObjectHideFlags: 0
  serializedVersion: 2
  m_Modification:
    m_TransformParent: {fileID: 429562732}
    m_Modifications:
    - target: {fileID: 400002, guid: 9a5ce72c4d52de94f884eb3299a3a809, type: 3}
      propertyPath: m_LocalPosition.x
      value: 32.8925209
      objectReference: {fileID: 0}
    - target: {fileID: 400002, guid: 9a5ce72c4d52de94f884eb3299a3a809, type: 3}
      propertyPath: m_LocalPosition.y
      value: -38.2874222
      objectReference: {fileID: 0}
    - target: {fileID: 400002, guid: 9a5ce72c4d52de94f884eb3299a3a809, type: 3}
      propertyPath: m_LocalPosition.z
      value: -57.4134102
      objectReference: {fileID: 0}
    - target: {fileID: 400002, guid: 9a5ce72c4d52de94f884eb3299a3a809, type: 3}
      propertyPath: m_LocalRotation.x
      value: 0
      objectReference: {fileID: 0}
    - target: {fileID: 400002, guid: 9a5ce72c4d52de94f884eb3299a3a809, type: 3}
      propertyPath: m_LocalRotation.y
      value: 0
      objectReference: {fileID: 0}
    - target: {fileID: 400002, guid: 9a5ce72c4d52de94f884eb3299a3a809, type: 3}
      propertyPath: m_LocalRotation.z
      value: 0
      objectReference: {fileID: 0}
    - target: {fileID: 400002, guid: 9a5ce72c4d52de94f884eb3299a3a809, type: 3}
      propertyPath: m_LocalRotation.w
      value: 1
      objectReference: {fileID: 0}
    - target: {fileID: 400002, guid: 9a5ce72c4d52de94f884eb3299a3a809, type: 3}
      propertyPath: m_RootOrder
      value: 0
      objectReference: {fileID: 0}
    - target: {fileID: 2300000, guid: 9a5ce72c4d52de94f884eb3299a3a809, type: 3}
      propertyPath: m_Materials.Array.data[0]
      value: 
      objectReference: {fileID: 2100000, guid: 42d1ea33beaf1e045915d9d1d631de01, type: 2}
    m_RemovedComponents: []
  m_ParentPrefab: {fileID: 100100000, guid: 9a5ce72c4d52de94f884eb3299a3a809, type: 3}
  m_IsPrefabParent: 0
--- !u!4 &1954539669
Transform:
  m_PrefabParentObject: {fileID: 400002, guid: 9a5ce72c4d52de94f884eb3299a3a809, type: 3}
  m_PrefabInternal: {fileID: 1954539668}
